
@article{fielding2014hypertext,
  title={Hypertext transfer protocol (HTTP/1.1): Semantics and content},
  author={Fielding, Roy and Reschke, Julian},
  year={2014}
}

@inproceedings{maeda2012performance,
  title={Performance evaluation of object serialization libraries in XML, JSON and binary formats},
  author={Maeda, Kazuaki},
  booktitle={Digital Information and Communication Technology and it's Applications (DICTAP), 2012 Second International Conference on},
  pages={177--182},
  year={2012},
  organization={IEEE}
}

@article{rodriguez2008restful,
  title={Restful web services: The basics},
  author={Rodriguez, Alex},
  journal={IBM developerWorks},
  year={2008}
}

@article{lucchi2008resource,
  title={Resource oriented architecture and REST},
  author={Lucchi, Roberto and Millot, Michel and Elfers, Christian}
}

@book{tanenbaum2007distributed,
  title={Distributed systems: principles and paradigms},
  author={Tanenbaum, Andrew S and Van Steen, Maarten},
  year={2007},
  publisher={Prentice-Hall}
}

@article{durall2012perspectivas,
  title={Perspectivas tecnol{\'o}gicas: educaci{\'o}n superior en Iberoam{\'e}rica 2012-2017},
  author={Durall Gazulla, Eva and Gros Salvat, Bego{\~n}a and Maina, Marcelo Fabi{\'a}n and Johnson, Larry and Adams, Samantha},
  year={2012},
  publisher={The new media consortium}
}

@misc{box2000simple,
  title={Simple object access protocol (SOAP) 1.1},
  author={Box, Don and Ehnebuske, David and Kakivaya, Gopal and Layman, Andrew and Mendelsohn, Noah and Nielsen, Henrik Frystyk and Thatte, Satish and Winer, Dave},
  year={2000}
}

@article{fielding2000rest,
  title={REST: architectural styles and the design of network-based software architectures},
  author={Fielding, Roy Thomas},
  journal={Doctoral dissertation, University of California},
  year={2000}
}

@article{hamad2010performance,
  title={Performance Evaluation of RESTful Web Services for Mobile Devices.},
  author={Hamad, Hatem and Saad, Motaz and Abed, Ramzi},
  journal={Int. Arab J. e-Technol.},
  volume={1},
  number={3},
  pages={72--78},
  year={2010}
}

@misc{uddi2001uddi,
  title={Uddi executive white paper},
  author={UDDI Consortium and others},
  year={2001},
  publisher={November}
}

@incollection{alonso2004web,
  title={Web services},
  author={Alonso, Gustavo and Casati, Fabio and Kuno, Harumi and Machiraju, Vijay},
  booktitle={Web Services},
  pages={123--149},
  year={2004},
  publisher={Springer}
}

@inproceedings{pautasso2008restful,
  title={Restful web services vs. big'web services: making the right architectural decision},
  author={Pautasso, Cesare and Zimmermann, Olaf and Leymann, Frank},
  booktitle={Proceedings of the 17th international conference on World Wide Web},
  pages={805--814},
  year={2008},
  organization={ACM}
}

@phdthesis{sala2016siu,
  title={SIU Guaran{\'\i} Mobile},
  author={Sala Espiell, Luis Manuel},
  year={2016},
  school={Facultad de Inform{\'a}tica}
}

@article{artnoema,
  title={Art, Multiplicity and Awareness},
  author={Capucci, Pier Luigi},
  year={2005}
}

@misc{presenciaMovil,
  author = {Jamil Velji},
  title = {{4 Ways Your Business Can Benefit From Having a Mobile App}},
  howpublished = "\url{https://buildfire.com/ways-business-benefit-having-mobile-app/}",
  year = {2016}, 
  note = "[Online; accedido 17-01-2017]"
}

@misc{presenciaMovilDef,
  author = {María Ripoll},
  title = {{¿POR QUÉ NECESITA MI EMPRESA UNA APLICACIÓN MÓVIL?}},
  howpublished = "\url{https://www.emprenderalia.com/por-que-necesita-mi-empresa-una-aplicacion-movil/}",
  year = {2016}, 
  note = "[Online; accedido 20-01-2017]"
}

@book{neil2014mobile,
  title={Mobile design pattern gallery: UI patterns for smartphone apps},
  author={Neil, Theresa},
  year={2014},
  publisher={" O'Reilly Media, Inc."}
}

@article{oulasvirta2012habits,
  title={Habits make smartphone use more pervasive},
  author={Oulasvirta, Antti and Rattenbury, Tye and Ma, Lingyi and Raita, Eeva},
  journal={Personal and Ubiquitous Computing},
  volume={16},
  number={1},
  pages={105--114},
  year={2012},
  publisher={Springer}
}


@misc{HarvardMobile,
  author = {harvard.edu},
  title = {{Harvard Mobile Apps}},
  howpublished = "\url{http://www.harvard.edu/about-harvard/harvard-mobile-apps}",
  year = {2017}, 
  note = "[Online; accedido 17-01-2017]"
}

@misc{OxfordMobile,
  author = {ox.ac.uk},
  title = {{Apps from the University of Oxford}},
  howpublished = "\url{http://www.ox.ac.uk/apps}",
  year = {2017}, 
  note = "[Online; accedido 17-01-2017]"
}

@misc{GoogleEstudioSmartphones,
  author = {Google},
  title = {{Apps from the University of Oxford}},
  howpublished = "\url{http://es.slideshare.net/delgadocristian/estudio-de-google-sobre-smartphones-en-argentina}",
  year = {2017}, 
  note = "[Online; accedido 17-01-2017]"
}

@misc{StudentApps,
  author = {Laura Tucker},
  title = {{Most Helpful Apps for Students}},
  howpublished = "\url{https://www.topuniversities.com/blog/most-helpful-apps-students}",
  year = {2016}, 
  note = "[Online; accedido 17-01-2017]"
}

@misc{ApiVersion,
  author = {Troy Hunt},
  title = {{Your API versioning is wrong, which is why I decided to do it 3 different wrong ways}},
  howpublished = "\url{https://www.troyhunt.com/your-api-versioning-is-wrong-which-is/}",
  date = {2014-02-10}, 
  note = "[Online; accedido 01-02-2017]"
}


@misc{DevNation,
  author = {Developer Economics},
  title = {{The State of the Developer Nation Q3 2016}},
  howpublished = "\url{https://www.developereconomics.com/reports/developer-economics-state-developer-nation-q3-2016}",
  date = {2016-08-04}, 
  note = "[Online; accedido 23-11-2016]"
}


@article{DevNation2,
  author  = {Mark Wilcox, Stijn Schuermans, Christina Voskoglou}, 
  title   = {The State of the Developer Nation Q3 2016},
  journal = {Developer Economics},
  year    = 2016,
  month   = "Agosto",
  note    = {\url{https://www.developereconomics.com/reports/developer-economics-state-developer-nation-q3-2016} [Online; accedido 23-11-2016]}, 
}

@misc{SmartphoneMarketShare,
  author = {kantarworldpanel},
  title = {{Smartphones OS sales market share}},
  howpublished = "\url{http://www.kantarworldpanel.com/global/smartphone-os-market-share/}",
  year = {2016},  
  note = "[Online; accedido 22-02-2017]"
}

@article{hardt2012oauth,
  title={The OAuth 2.0 authorization framework},
  author={Hardt, Dick},
  year={2012}
}

@misc{authAuth,
  author = {Universidad de Boston},
  title = {{\eng{Understanding Authentication, Authorization, and Encryption}}},
  howpublished = "\url{https://www.bu.edu/tech/about/security-resources/bestpractice/auth/}",
  year = {2016}, 
  note = "[Online; accedido 21-05-2017]"
}


@misc{degges2015ApiSecurity,
  author = {Randall Degges},
  title = {{\eng{The Ultimate Guide to Mobile API Security}}},
  howpublished = "\url{https://stormpath.com/blog/the-ultimate-guide-to-mobile-api-security}",
  date = {2015-03-13}, 
  note = "[Online; accedido 21-01-2017]"
}

